@incollection{geertz,
  author={Geertz, C.},
  title= {Deep play: notes on the Balinese cockfight},
  author={Geertz, C.},
  booktitle={The interpretation of cultures},
  publisher= {Basic Books},
  address={New York},
  year={1974},
  pages={412-453},
}


@inproceedings{mimno,
Title = {Optimizing Semantic Coherence in Topic Models},
Year = {2011},
Booktitle = {Empirical Methods on Natural Language Processing},
Url = {https://mimno.infosci.cornell.edu/papers/mimno-semantic-emnlp.pdf},
Location = {Scotland, UK},
Author = {Mimno, D. and Wallach, H. and Talley, E. and Leenders, M. and McCallum, A.},
}

@inproceedings{chang,
Title = {Reading Tea Leaves: How Humans Interpret Topic Models},
Year = {2009},
Booktitle = {Neural Information Processing Systems},
Url = {docs/nips2009-rtl.pdf},
Location = {Vancouver, BC},
Author = {Jonathan Chang and Jordan Boyd-Graber and Chong Wang and Sean Gerrish and David M. Blei},
}

@article{baumer,
    author={Baumer, E. and Mimno, D. and Guha, S. and Quan, E. and Gay, G.},
    title={Comparing Grounded Theory and Topic Modeling: Extreme Divergence or Unlikely Convergence?},
    year={2017},
    volume={6},
    number={68},
    journal={Journal of the Assosiation for Information Science and Technology},
    url={https://mimno.infosci.cornell.edu/papers/baumer-jasist-2017.pdf} 
}


@article{jockers,
    author={Jockers, M. and Mimno, D.},
    title={Significant themes in 19th-century literature},
    year={2013},
    volume={41},
    number={6},
    journal={Poetics},
 }


@article{grimmer2,
    author={Grimmer, J.},
    title={A bayesian hierarchical topic model for political texts: Measuring expressed agendas in senate press releases},
    year={2010},
    volume={18},
    number={1},
    journal={Political Analysis},
 }

@inproceedings{asuncion,
 author = {Asuncion, Arthur and Welling, Max and Smyth, Padhraic and Teh, Yee Whye},
 title = {On Smoothing and Inference for Topic Models},
 booktitle = {Proceedings of the Twenty-Fifth Conference on Uncertainty in Artificial Intelligence},
 series = {UAI '09},
 year = {2009},
 isbn = {978-0-9749039-5-8},
 location = {Montreal, Quebec, Canada},
 pages = {27--34},
 numpages = {8},
 url = {http://dl.acm.org/citation.cfm?id=1795114.1795118},
 acmid = {1795118},
 publisher = {AUAI Press},
 address = {Arlington, Virginia, United States},
} 

@incollection{blei3,
title = {How They Vote: Issue-Adjusted Models of Legislative Behavior},
author = {Sean Gerrish and David M. Blei},
booktitle = {Advances in Neural Information Processing Systems 25},
editor = {F. Pereira and C. J. C. Burges and L. Bottou and K. Q. Weinberger},
pages = {2753--2761},
year = {2012},
publisher = {Curran Associates, Inc.},
url = {http://papers.nips.cc/paper/4715-how-they-vote-issue-adjusted-models-of-legislative-behavior.pdf}
}


@article{blei2,
    author={DiMaggio, P. and Nag, M. and Blei, D.},
    title={Exploiting affinities between topic modeling and the sociological perspective on culture: Application to newspaper coverage of U.S. government arts funding},
    year={2013},
    volume={41},
    number={6},
    journal={Poetics},
    url={https://www.sciencedirect.com/science/article/pii/S0304422X13000661} 
}


@article{grimmer,
    author={Grimmer, J. and Stewart, M.},
    title={Text as Data: The Promise and Pitfalls of Automatic Content Analysis Methods for Political Texts},
    year={2013},
    volume={},
    number={2013},
    journal={Political Analysis},
    url={http://pan.oxfordjournals.org/} 
}

@article{grimmer,
    author={Grimmer, J. and Stewart, M.},
    title={Text as Data: The Promise and Pitfalls of Automatic Content Analysis Methods for Political Texts},
    year={2013},
    volume={},
    number={2013},
    journal={Political Analysis},
    url={http://pan.oxfordjournals.org/Downloaded fro} 
}

@article{blei1,
    author={Blei, D.},
    title={Probabilistic Topic Models},
    year={2012},
    volume={55},
    number={4},
    journal={Communications of the ACM}
}

@article{gasparri1,
    author={Gasparri, J.},
    title={Che varón, masculinidades en las letras de tango},
    year={2011},
    volume={},
    number={2},
    journal={Revista Caracol}
}

@article{willenpart,
    author={Willenpart, L.},
    title={El tango: temas y motivos},
    year={2011},
    volume={9},
    number={1},
    journal={Verba Hispánica}
}

@article{marchese1,
    author={Marchese, M.},
    title={Tango. El lenguaje quebrado del desarraigo},
    year={2007},
    volume={6},
    number={2},
    journal={Revista Latinoamericana de Estudios del Discurso}
}

@article{reynoso1,
    author={Reynoso, C.},
    title={El lado oscuro de la descripción densa},
    year={2007},
    volume={1},
    number={1},
    journal={Anthropologika. Revista de Estudio e Investigaciones en Antropología}
}

@article{lopez_i,
    author={López, I.},
    title={Morochas, milongueras y percantas. Representaciones de la mujer en las letras de tango},
    year={2010},
    volume={},
    url={http://webs.ucm.es/info/especulo/numero45/mutango.html},
    number={45},
    journal={Espéculo. Revista de estudios literarios.}
}

@article{fang,
author = {Hsiu-Fang Hsieh and Sarah E. Shannon},
title ={Three Approaches to Qualitative Content Analysis},
year = {2005},
volume = {15},
number = {9},
journal = {Qualitative Health Research}
}

@book{canton,
    title={Gardel, ¿a quién le cantás?},
    author={Cantón, D.},
    publisher={De la Flor},
    year={1972}
}


@book{mitchell,
    title={Web Scraping with Python: Collecting Data from the Modern Web},
    author={Mitchell, R.},
    publisher={O'Reilly Media, Inc},
    year={2015}
}

@book{wind,
author = {Wiedemann, Gregor},
year = {2016},
month = {09},
pages = {},
title = {Text Mining for Qualitative Data Analysis in the Social Sciences. A Study on Democratic Discourse in Germany},
isbn = {978-3-658-15308-3},
doi = {10.1007/978-3-658-15309-0}
}

@book{borges,
    title={El tango. Cuatro conferencias},
    author={Borges, J. L.},
    publisher={Sudamericana},
    year={2016}
}


@book{geron,
    title={Hands-On Machine Learning with Scikit-Learn and TensorFlow. Concepts, Tools, and Techniques to Build Intelligent Systems},
    author={Gerón, A.},
    publisher={O'Reilly},
    note={\url{http://shop.oreilly.com/product/0636920052289.do}},
    year={2017}
}

@book{goodfellow,
    title={Deep Learning},
    author={Goodfellow, I. and Bengio, Y. and Courville, A.},
    publisher={MIT Press},
    note={\url{http://www.deeplearningbook.org}},
    year={2016}
}

@misc{hassani,
    title={Text Mining using Nonnegative Matrix Factorization and Latent Semantic Analysis},
    author={Ali Hassani and Amir Iranmanesh and Najme Mansouri},
    year={2019},
    eprint={1911.04705},
    archivePrefix={arXiv},
    primaryClass={cs.LG}
}